% This file was created with JabRef 2.4.1.
% Encoding: UTF8

@ARTICLE{clos,
  author = {Gabor T. Herman},
  title = {Closure Properties of Some Families of Languages Associated with
	Biological Systems},
  journal = {Information and Control},
  year = {1974},
  volume = {24},
  pages = {101-121},
  owner = {Peter Peresini},
  timestamp = {2010.03.01}
}

@BOOK{Hopc,
  title = {Formálne jazyky a automaty},
  publisher = {Alfa SNTL},
  year = {1978},
  author = {John E. Hopcroft, Jeffrey D. Ullman},
  owner = {Peter Peresini},
  timestamp = {2010.03.01}
}

@ARTICLE{some,
  author = {Juraj Hromkovič, Jarkko Kari, Lila Kari},
  title = {Some hierarchies for the communication complexity measures of cooperating
	grammar systems},
  journal = {Theoretical Computer Science},
  year = {1994},
  volume = {127},
  pages = {123-147},
  owner = {Peter Peresini},
  timestamp = {2010.03.01}
}

@ARTICLE{impact,
  author = {Lila Santean, Jarkko Kari},
  title = {The impact of the number of cooperating grammars on the generative
	power},
  journal = {Theoretical Computer Science},
  year = {1992},
  volume = {98},
  pages = {249-262},
  owner = {Peter Peresini},
  timestamp = {2010.03.01}
}

@ARTICLE{time,
  author = {Peter Gvozdjak, Branislav Rovan},
  title = {Time-Bounded Parallel Rewriting},
  owner = {Peter Peresini},
  timestamp = {2010.03.01}
}

@BOOK{linden,
  title = {Formal Languages},
  publisher = {Academic Press, New York},
  year = {1973},
  author = {A. Salomaa},
  owner = {Peter Peresini},
  timestamp = {2010.03.01}
}

@comment{jabref-meta: selector_publisher:}

@comment{jabref-meta: selector_author:}

@comment{jabref-meta: selector_journal:}

@comment{jabref-meta: selector_keywords:}

